@Article{LMR,
author="Leighton, F. T.
and Maggs, Bruce M.
and Rao, Satish B.",
title="Packet routing and job-shop scheduling inO(congestion+dilation) steps",
journal="Combinatorica",
year="1994",
volume="14",
number="2",
pages="167--186",
abstract="In this paper, we prove that there exists a schedule for routing any set of packets with edge-simple paths, on any network, inO(c+d) steps, wherec is the congestion of the paths in the network, andd is the length of the longest path. The result has applications to packet routing in parallel machines, network emulations, and job-shop scheduling.",
issn="1439-6912",
doi="10.1007/BF01215349",
url="http://dx.doi.org/10.1007/BF01215349",
key={1}
}

@misc{SignallingTypes,
  title = {Introduction to railway signalling},
  howpublished = {\url{https://www.slideshare.net/sandeeppatalay/introduction-to-railway-signalling
}},
	key={2}
}

@misc{SignallingImgs,
  title = {Visual depiction of signalling elements},
  howpublished = {\url{http://www.irfca.org/faq/faq-signal2.html}},
  key={3}
}

@misc{DelayInTrains,
  title = {Causes of Delays in Railways operation},
  howpublished = {\url{https://www.amtrak.com/servlet/Satellite?c=AM_Content_C&cid=1241245662251&pagename=am/Popup}},
  key={4}
}

@INPROCEEDINGS{7313186, 
author={R. Wang and D. B. Work}, 
booktitle={2015 IEEE 18th International Conference on Intelligent Transportation Systems}, 
title={Data Driven Approaches for Passenger Train Delay Estimation}, 
year={2015}, 
pages={535-540}, 
keywords={delay estimation;least mean squares methods;rail traffic;regression analysis;Amtrak trains;RMSE estimate;historical regression model;online regression model;passenger train delay estimation;root mean square error;Analytical models;Computational modeling;Data models;Delay estimation;Estimation;Predictive models}, 
doi={10.1109/ITSC.2015.94}, 
ISSN={2153-0009}, 
month={Sept},
key={5}
}

